% Encoding: UTF-8

@Book{2017,
  title     = {Fundamentals and Applications of Supercritical Carbon Dioxide (SCO2) Based Power Cycles},
  publisher = {Woodhead Publishing},
  year      = {2017},
  author    = {K. Brun and P. Friedman and R. Dennis},
  isbn      = {978-0-08-100804-1},
}

@Book{Boles2006,
  title     = {Thermodynamics: An Engineering Approach IN SI UNITS, 5th Edition (Mechanical Engineering Series)},
  publisher = {Tata McGraw-Hill},
  year      = {2006},
  author    = {Michael A. Boles and Yunus A. Cengel},
  isbn      = {978-0070606593},
}

@Misc{Lawson,
  author = {Barrie Lawson},
  title  = {Gas Turbine Power Plants},
  year   = {2019},
  url    = {https://www.mpoweruk.com/gas_turbines.htm},
}

@Misc{Watt,
  author = {DigbyDalton},
  title  = {A drawing of James Wattâ€™s Steam Engine printed in the 3rd edition Britannica 1797},
  year   = {1797},
  url    = {https://commons.wikimedia.org/wiki/File:WattsSteamEngine.jpeg},
}

@Comment{jabref-meta: databaseType:bibtex;}
